%Plant Dispersal
@article {plantdisp,
    AUTHOR = {Cantrell, Robert Stephen and Cosner, Chris and Lou, Yuan and
              Ryan, Daniel},
     TITLE = {Evolutionary stability of ideal free dispersal strategies: a
              nonlocal dispersal model},
   JOURNAL = {Can. Appl. Math. Q.},
  FJOURNAL = {Canadian Applied Mathematics Quarterly},
    VOLUME = {20},
      YEAR = {2012},
    NUMBER = {1},
     PAGES = {15--38},
      ISSN = {1073-1849},
   MRCLASS = {92D25},
  MRNUMBER = {3026598},
}

%Levy
@article {levy,
    AUTHOR = {Jourdain, Benjamin and M\'el\'eard, Sylvie and Woyczynski, Wojbor
              A.},
     TITLE = {Nonlinear {SDE}s driven by {L}\'evy processes and related
              {PDE}s},
   JOURNAL = {ALEA Lat. Am. J. Probab. Math. Stat.},
  FJOURNAL = {ALEA. Latin American Journal of Probability and Mathematical
              Statistics},
    VOLUME = {4},
      YEAR = {2008},
     PAGES = {1--29},
      ISSN = {1980-0436},
   MRCLASS = {60H10 (35R60 65C30)},
  MRNUMBER = {2383731},
MRREVIEWER = {Thomas D. Simon},
}

%Material Science


@incollection{matsci,
    AUTHOR = {Bates, Peter W.},
     TITLE = {On some nonlocal evolution equations arising in materials
              science},
 BOOKTITLE = {Nonlinear dynamics and evolution equations},
    SERIES = {Fields Inst. Commun.},
    VOLUME = {48},
     PAGES = {13--52},
      PUBLISHER = {Amer. Math. Soc., Providence, RI},
     YEAR = {2006},
   MRCLASS = {35K55 (34K30 35-02 35B30 37L60 74N99 82B20 82B26)},
  MRNUMBER = {2223347},
MRREVIEWER = {Thomas Wanner},
}

%Neural
@article {neuralfieldrev,
    AUTHOR = {Bressloff, Paul C.},
     TITLE = {Spatiotemporal dynamics of continuum neural fields},
   JOURNAL = {J. Phys. A},
  FJOURNAL = {Journal of Physics. A. Mathematical and Theoretical},
    VOLUME = {45},
      YEAR = {2012},
    NUMBER = {3},
     PAGES = {033001, 109},
      ISSN = {1751-8113},
   MRCLASS = {92C20 (82C32)},
  MRNUMBER = {2871421},
MRREVIEWER = {Lakshmi Chandrasekaran},
       DOI = {10.1088/1751-8113/45/3/033001},
       URL = {http://dx.doi.org/10.1088/1751-8113/45/3/033001},
}


%Bose_Einstein Condensation
@book {bose,
    AUTHOR = {Pitaevskii, Lev and Stringari, Sandro},
     TITLE = {Bose-{E}instein condensation},
    SERIES = {International Series of Monographs on Physics},
    VOLUME = {116},
 PUBLISHER = {The Clarendon Press, Oxford University Press, Oxford},
      YEAR = {2003},
     PAGES = {x+382},
      ISBN = {0-19-850719-4},
   MRCLASS = {82C10 (82-02 82D50)},
  MRNUMBER = {2012737},
MRREVIEWER = {Roberto Luzzi},
}


%nonlocal heat
@book {heatnl,
    AUTHOR = {Andreu-Vaillo, Fuensanta and Maz\'on, Jos\'e M. and Rossi, Julio
              D. and Toledo-Melero, J. Juli\'an},
     TITLE = {Nonlocal diffusion problems},
    SERIES = {Mathematical Surveys and Monographs},
    VOLUME = {165},
 PUBLISHER = {American Mathematical Society, Providence, RI; Real Sociedad
              Matem\'atica Espa\~nola, Madrid},
      YEAR = {2010},
     PAGES = {xvi+256},
      ISBN = {978-0-8218-5230-9},
   MRCLASS = {35-02 (35K55 35R09 47H20 76R50)},
  MRNUMBER = {2722295},
MRREVIEWER = {Alessandro Veneziani},
       DOI = {10.1090/surv/165},
       URL = {http://dx.doi.org/10.1090/surv/165},
}



%pining and unpining
@article {pin,
    AUTHOR = {Anderson, Taylor and Faye, Gr\'egory and Scheel, Arnd and
              Stauffer, David},
     TITLE = {Pinning and unpinning in nonlocal systems},
   JOURNAL = {J. Dynam. Differential Equations},
  FJOURNAL = {Journal of Dynamics and Differential Equations},
    VOLUME = {28},
      YEAR = {2016},
    NUMBER = {3-4},
     PAGES = {897--923},
      ISSN = {1040-7294},
   MRCLASS = {35K91 (35B10 35B25 35C07)},
  MRNUMBER = {3537359},
MRREVIEWER = {Zhongwei Shen},
       DOI = {10.1007/s10884-016-9518-6},
       URL = {http://dx.doi.org/10.1007/s10884-016-9518-6},
}


%TW in phase transition
@article {Bates1997,
    AUTHOR = {Bates, Peter W. and Fife, Paul C. and Ren, Xiaofeng and Wang,
              Xuefeng},
     TITLE = {Traveling waves in a convolution model for phase transitions},
   JOURNAL = {Arch. Rational Mech. Anal.},
  FJOURNAL = {Archive for Rational Mechanics and Analysis},
    VOLUME = {138},
      YEAR = {1997},
    NUMBER = {2},
     PAGES = {105--136},
      ISSN = {0003-9527},
   MRCLASS = {45K05 (35Q99 73B30)},
  MRNUMBER = {1463804},
MRREVIEWER = {Vitaly A. Volpert},
       DOI = {10.1007/s002050050037},
       URL = {http://dx.doi.org/10.1007/s002050050037},
}



%Faye pulse synaptic depression
@article {faye2013existence,
    AUTHOR = {Faye, Gr\'egory},
     TITLE = {Existence and stability of traveling pulses in a neural field
              equation with synaptic depression},
   JOURNAL = {SIAM J. Appl. Dyn. Syst.},
  FJOURNAL = {SIAM Journal on Applied Dynamical Systems},
    VOLUME = {12},
      YEAR = {2013},
    NUMBER = {4},
     PAGES = {2032--2067},
      ISSN = {1536-0040},
   MRCLASS = {35F35 (35A01 35B35 35C07 35R09 35R10 92B20)},
  MRNUMBER = {3143822},
       DOI = {10.1137/130913092},
       URL = {http://dx.doi.org/10.1137/130913092},
}

%Scheel Faye Pulse
@article {faye2015existence,
    AUTHOR = {Faye, Gr\'egory and Scheel, Arnd},
     TITLE = {Existence of pulses in excitable media with nonlocal coupling},
   JOURNAL = {Adv. Math.},
  FJOURNAL = {Advances in Mathematics},
    VOLUME = {270},
      YEAR = {2015},
     PAGES = {400--456},
      ISSN = {0001-8708},
   MRCLASS = {92C20 (34C37 35C07 35M30)},
  MRNUMBER = {3286540},
MRREVIEWER = {Simona Mancini},
       DOI = {10.1016/j.aim.2014.11.005},
       URL = {http://dx.doi.org/10.1016/j.aim.2014.11.005},
}

%Cahn-Morral system
@article {cahn-morral,
    AUTHOR = {Grant, Christopher P.},
     TITLE = {Slow motion in one-dimensional {C}ahn-{M}orral systems},
   JOURNAL = {SIAM J. Math. Anal.},
  FJOURNAL = {SIAM Journal on Mathematical Analysis},
    VOLUME = {26},
      YEAR = {1995},
    NUMBER = {1},
     PAGES = {21--34},
      ISSN = {0036-1410},
   MRCLASS = {35Q53 (35B40 35K55)},
  MRNUMBER = {1311880},
       DOI = {10.1137/S0036141092226053},
       URL = {http://dx.doi.org/10.1137/S0036141092226053},
}

%TW stability review
@incollection {sandtw,
    AUTHOR = {Sandstede, Bj\"orn},
     TITLE = {Stability of travelling waves},
 BOOKTITLE = {Handbook of dynamical systems, {V}ol. 2},
     PAGES = {983--1055},
 PUBLISHER = {North-Holland, Amsterdam},
      YEAR = {2002},
   MRCLASS = {37L15 (35B35 35G20 35K57 37K45)},
  MRNUMBER = {1901069},
MRREVIEWER = {Avy Soffer},
       DOI = {10.1016/S1874-575X(02)80039-X},
       URL = {http://dx.doi.org/10.1016/S1874-575X(02)80039-X},
}

%nonlocal cmfld
@article{FScmfd,
  title={Center manifolds without a phase space},
  author={Faye, Gr{\'e}gory and Scheel, Arnd},
  journal={arXiv preprint arXiv:1611.07487},
  year={2016}
}

%nonlocal swarm
@article {swarmingrev,
    AUTHOR = {Mogilner, Alexander and Edelstein-Keshet, Leah},
     TITLE = {A non-local model for a swarm},
   JOURNAL = {J. Math. Biol.},
  FJOURNAL = {Journal of Mathematical Biology},
    VOLUME = {38},
      YEAR = {1999},
    NUMBER = {6},
     PAGES = {534--570},
      ISSN = {0303-6812},
   MRCLASS = {92D50 (45K05)},
  MRNUMBER = {1698215},
       DOI = {10.1007/s002850050158},
       URL = {http://dx.doi.org/10.1007/s002850050158},
}

%review spectra gs
@article {chang2007spectra,
    AUTHOR = {Chang, Shu-Ming and Gustafson, Stephen and Nakanishi, Kenji
              and Tsai, Tai-Peng},
     TITLE = {Spectra of linearized operators for {NLS} solitary waves},
   JOURNAL = {SIAM J. Math. Anal.},
  FJOURNAL = {SIAM Journal on Mathematical Analysis},
    VOLUME = {39},
      YEAR = {2007/08},
    NUMBER = {4},
     PAGES = {1070--1111},
      ISSN = {0036-1410},
   MRCLASS = {35Q53 (35P05 35Q51)},
  MRNUMBER = {2368894},
MRREVIEWER = {Enzo Vitillaro},
       DOI = {10.1137/050648389},
       URL = {http://dx.doi.org/10.1137/050648389},
}

% anisotropic cahn-hilliard
@article {anisoCH,
    AUTHOR = {Taylor, Jean E. and Cahn, John W.},
     TITLE = {Diffuse interfaces with sharp corners and facets: phase field
              models with strongly anisotropic surfaces},
      NOTE = {With an appendix by Jason Yunger},
   JOURNAL = {Phys. D},
  FJOURNAL = {Physica D. Nonlinear Phenomena},
    VOLUME = {112},
      YEAR = {1998},
    NUMBER = {3-4},
     PAGES = {381--411},
      ISSN = {0167-2789},
   MRCLASS = {35Q55 (58E50)},
  MRNUMBER = {1607466},
       DOI = {10.1016/S0167-2789(97)00177-2},
       URL = {http://dx.doi.org/10.1016/S0167-2789(97)00177-2},
}


%nonlocal water wave of kdv type
@incollection {waterwave,
    AUTHOR = {Bronski, Jared C. and Hur, Vera Mikyoung and Johnson, Mathew
              A.},
     TITLE = {Modulational instability in equations of {K}d{V} type},
 BOOKTITLE = {New approaches to nonlinear waves},
    SERIES = {Lecture Notes in Phys.},
    VOLUME = {908},
     PAGES = {83--133},
 PUBLISHER = {Springer, Cham},
      YEAR = {2016},
   MRCLASS = {35Q53 (35B10 35C07)},
  MRNUMBER = {3408757},
       DOI = {10.1007/978-3-319-20690-5_4},
       URL = {http://dx.doi.org/10.1007/978-3-319-20690-5_4},
}

%Bates nonlocal large \mu
@article {batespleth,
    AUTHOR = {Bates, Peter W. and Chen, Xinfu and Chmaj, Adam},
     TITLE = {Equilibria and traveling waves for bistable equations with
              non-local and discrete dissipation},
      NOTE = {Nonlinear diffusive systems---dynamics and asymptotic analysis
              (Japanese) (Kyoto, 2000)},
   JOURNAL = {S\=urikaisekikenky\=usho K\=oky\=uroku},
  FJOURNAL = {S\=urikaisekikenky\=usho K\=oky\=uroku},
    NUMBER = {1178},
      YEAR = {2000},
     PAGES = {48--71},
   MRCLASS = {35K55},
  MRNUMBER = {1838153},
}

%radial symm memoir
@article {Srad,
    AUTHOR = {Scheel, Arnd},
     TITLE = {Radially symmetric patterns of reaction-diffusion systems},
   JOURNAL = {Mem. Amer. Math. Soc.},
  FJOURNAL = {Memoirs of the American Mathematical Society},
    VOLUME = {165},
      YEAR = {2003},
    NUMBER = {786},
     PAGES = {viii+86},
      ISSN = {0065-9266},
   MRCLASS = {35K57 (34C20 35B32 37G05 37L10)},
  MRNUMBER = {1997690},
MRREVIEWER = {Stephen A. Gourley},
       DOI = {10.1090/memo/0786},
       URL = {http://dx.doi.org/10.1090/memo/0786},
}

%linear algebra text
@book {roman2007advanced,
    AUTHOR = {Roman, Steven},
     TITLE = {Advanced linear algebra},
    SERIES = {Graduate Texts in Mathematics},
    VOLUME = {135},
   EDITION = {Third},
 PUBLISHER = {Springer, New York},
      YEAR = {2008},
     PAGES = {xviii+522},
      ISBN = {978-0-387-72828-5},
   MRCLASS = {15-01},
  MRNUMBER = {2344656},
}

%center mfld nf text
@book {harioo,
    AUTHOR = {Haragus, Mariana and Iooss, G\'erard},
     TITLE = {Local bifurcations, center manifolds, and normal forms in
              infinite-dimensional dynamical systems},
    SERIES = {Universitext},
 PUBLISHER = {Springer-Verlag London, Ltd., London; EDP Sciences, Les Ulis},
      YEAR = {2011},
     PAGES = {xii+329},
      ISBN = {978-0-85729-111-0; 978-2-7598-0009-4},
   MRCLASS = {37L10 (34C23 35B32 35C07 37G40)},
  MRNUMBER = {2759609},
MRREVIEWER = {Peter Ashwin},
       DOI = {10.1007/978-0-85729-112-7},
       URL = {http://dx.doi.org/10.1007/978-0-85729-112-7},
}

%Chow Hale methods bif text
@book {chowhale,
    AUTHOR = {Chow, Shui Nee and Hale, Jack K.},
     TITLE = {Methods of bifurcation theory},
    SERIES = {Grundlehren der Mathematischen Wissenschaften [Fundamental
              Principles of Mathematical Science]},
    VOLUME = {251},
 PUBLISHER = {Springer-Verlag, New York-Berlin},
      YEAR = {1982},
     PAGES = {xv+515},
      ISBN = {0-387-90664-9},
   MRCLASS = {58E07 (34-02 58-02 58F14)},
  MRNUMBER = {660633},
MRREVIEWER = {Norman Dancer},
}

%Wei Winter pattern text spikes
@book {gs,
    AUTHOR = {Wei, Juncheng and Winter, Matthias},
     TITLE = {Mathematical aspects of pattern formation in biological
              systems},
    SERIES = {Applied Mathematical Sciences},
    VOLUME = {189},
 PUBLISHER = {Springer, London},
      YEAR = {2014},
     PAGES = {xii+319},
      ISBN = {978-1-4471-5525-6; 978-1-4471-5526-3},
   MRCLASS = {35-02 (35B25 35B36 35J57 35K57 35Q92 92B05 92C15)},
  MRNUMBER = {3114654},
MRREVIEWER = {Yoshio Yamada},
       DOI = {10.1007/978-1-4471-5526-3},
       URL = {http://dx.doi.org/10.1007/978-1-4471-5526-3},
}

%ref superposition op
@book {runst1996sobolev,
    AUTHOR = {Runst, Thomas and Sickel, Winfried},
     TITLE = {Sobolev spaces of fractional order, {N}emytskij operators, and
              nonlinear partial differential equations},
    SERIES = {De Gruyter Series in Nonlinear Analysis and Applications},
    VOLUME = {3},
 PUBLISHER = {Walter de Gruyter \& Co., Berlin},
      YEAR = {1996},
     PAGES = {x+547},
      ISBN = {3-11-015113-8},
   MRCLASS = {47H30 (35J65 46E35 46F10 47N20)},
  MRNUMBER = {1419319},
MRREVIEWER = {P. Szeptycki},
       DOI = {10.1515/9783110812411},
       URL = {http://dx.doi.org/10.1515/9783110812411},
}

%ODE text 
@book {chicone2006ordinary,
    AUTHOR = {Chicone, Carmen},
     TITLE = {Ordinary differential equations with applications},
    SERIES = {Texts in Applied Mathematics},
    VOLUME = {34},
   EDITION = {Second},
 PUBLISHER = {Springer, New York},
      YEAR = {2006},
     PAGES = {xx+636},
      ISBN = {978-0387-30769-5; 0-387-30769-9},
   MRCLASS = {34-01 (37-01)},
  MRNUMBER = {2224508},
}


%kielhofer bif text
@book {kiel,
    AUTHOR = {Kielh\"ofer, Hansj\"org},
     TITLE = {Bifurcation theory},
    SERIES = {Applied Mathematical Sciences},
    VOLUME = {156},
   EDITION = {Second},
      NOTE = {An introduction with applications to partial differential
              equations},
 PUBLISHER = {Springer, New York},
      YEAR = {2012},
     PAGES = {viii+398},
      ISBN = {978-1-4614-0501-6},
   MRCLASS = {47J15 (35B32 37G15 37K50 58E07)},
  MRNUMBER = {2859263},
       DOI = {10.1007/978-1-4614-0502-3},
       URL = {http://dx.doi.org/10.1007/978-1-4614-0502-3},
}

%Original Evans function paper
@article {evans,
    AUTHOR = {Evans, John W.},
     TITLE = {Nerve axon equations. {I}. {L}inear approximations},
   JOURNAL = {Indiana Univ. Math. J.},
  FJOURNAL = {Indiana University Mathematics Journal},
    VOLUME = {21},
      YEAR = {1971/72},
     PAGES = {877--885},
      ISSN = {0022-2518},
   MRCLASS = {92A05},
  MRNUMBER = {0292531},
MRREVIEWER = {E. Ar},
       DOI = {10.1512/iumj.1972.21.21071},
       URL = {http://dx.doi.org/10.1512/iumj.1972.21.21071},
}
@article {evans1972nerve,
    AUTHOR = {Evans, John W.},
     TITLE = {Nerve axon equations. {II}. {S}tability at rest},
   JOURNAL = {Indiana Univ. Math. J.},
  FJOURNAL = {Indiana University Mathematics Journal},
    VOLUME = {22},
      YEAR = {1972/73},
     PAGES = {75--90},
      ISSN = {0022-2518},
   MRCLASS = {92A05},
  MRNUMBER = {0323372},
MRREVIEWER = {S. Leela},
       DOI = {10.1512/iumj.1972.22.22009},
       URL = {http://dx.doi.org/10.1512/iumj.1972.22.22009},
}
@article {evans1972nerve2,
    AUTHOR = {Evans, John W.},
     TITLE = {Nerve axon equations. {III}. {S}tability of the nerve impulse},
   JOURNAL = {Indiana Univ. Math. J.},
  FJOURNAL = {Indiana University Mathematics Journal},
    VOLUME = {22},
      YEAR = {1972/73},
     PAGES = {577--593},
      ISSN = {0022-2518},
   MRCLASS = {35Q99 (92-XX)},
  MRNUMBER = {0393890},
MRREVIEWER = {J. D. Cowan},
       DOI = {10.1512/iumj.1972.22.22048},
       URL = {http://dx.doi.org/10.1512/iumj.1972.22.22048},
}
@article {evans1975stable,
    AUTHOR = {Evans, John W.},
     TITLE = {Nerve axon equations. {IV}. {T}he stable and the unstable
              impulse},
   JOURNAL = {Indiana Univ. Math. J.},
  FJOURNAL = {Indiana University Mathematics Journal},
    VOLUME = {24},
      YEAR = {1974/75},
    NUMBER = {12},
     PAGES = {1169--1190},
      ISSN = {0022-2518},
   MRCLASS = {35Q99 (35B99 92A05)},
  MRNUMBER = {0393891},
MRREVIEWER = {J. D. Cowan},
       DOI = {10.1512/iumj.1975.24.24096},
       URL = {http://dx.doi.org/10.1512/iumj.1975.24.24096},
}

%AGJ evans function
@article {agj,
    AUTHOR = {Alexander, J. and Gardner, R. and Jones, C.},
     TITLE = {A topological invariant arising in the stability analysis of
              travelling waves},
   JOURNAL = {J. Reine Angew. Math.},
  FJOURNAL = {Journal f\"ur die Reine und Angewandte Mathematik. [Crelle's
              Journal]},
    VOLUME = {410},
      YEAR = {1990},
     PAGES = {167--212},
      ISSN = {0075-4102},
   MRCLASS = {58D25 (35B35 35K57 58C40)},
  MRNUMBER = {1068805},
MRREVIEWER = {Norman Dancer},
}

%Haragus Scheel ion acoustic
@article {HS,
    AUTHOR = {Haragus, Mariana and Scheel, Arnd},
     TITLE = {Linear stability and instability of ion-acoustic plasma
              solitary waves},
   JOURNAL = {Phys. D},
  FJOURNAL = {Physica D. Nonlinear Phenomena},
    VOLUME = {170},
      YEAR = {2002},
    NUMBER = {1},
     PAGES = {13--30},
      ISSN = {0167-2789},
   MRCLASS = {82D10 (35B35 35L65 35P15 76X05)},
  MRNUMBER = {1945457},
MRREVIEWER = {Piotr P. Goldstein},
       DOI = {10.1016/S0167-2789(02)00531-6},
       URL = {http://dx.doi.org/10.1016/S0167-2789(02)00531-6},
}
%Haragus Scheel capillary waves
@article {HS2,
    AUTHOR = {Haragus, Mariana and Scheel, Arnd},
     TITLE = {Finite-wavelength stability of capillary-gravity solitary
              waves},
   JOURNAL = {Comm. Math. Phys.},
  FJOURNAL = {Communications in Mathematical Physics},
    VOLUME = {225},
      YEAR = {2002},
    NUMBER = {3},
     PAGES = {487--521},
      ISSN = {0010-3616},
   MRCLASS = {76B15 (35Q35 35Q51 76B45 76E17)},
  MRNUMBER = {1888871},
MRREVIEWER = {Mark D. Groves},
       DOI = {10.1007/s002200100590},
       URL = {http://dx.doi.org/10.1007/s002200100590},
}

%Bates Zeng Lu spike interaction inventiones
@article {bz,
    AUTHOR = {Bates, Peter W. and Lu, Kening and Zeng, Chongchun},
     TITLE = {Approximately invariant manifolds and global dynamics of spike
              states},
   JOURNAL = {Invent. Math.},
  FJOURNAL = {Inventiones Mathematicae},
    VOLUME = {174},
      YEAR = {2008},
    NUMBER = {2},
     PAGES = {355--433},
      ISSN = {0020-9910},
   MRCLASS = {37L25 (35B25 35B42 35K57 37L05)},
  MRNUMBER = {2439610},
MRREVIEWER = {Jos\~A\copyright{} C. Sabina de Lis},
       DOI = {10.1007/s00222-008-0141-y},
       URL = {http://dx.doi.org/10.1007/s00222-008-0141-y},
}

%mielke zelik spikes interaction memoir
@article {mz,
    AUTHOR = {Zelik, Sergey and Mielke, Alexander},
     TITLE = {Multi-pulse evolution and space-time chaos in dissipative
              systems},
   JOURNAL = {Mem. Amer. Math. Soc.},
  FJOURNAL = {Memoirs of the American Mathematical Society},
    VOLUME = {198},
      YEAR = {2009},
    NUMBER = {925},
     PAGES = {vi+97},
      ISSN = {0065-9266},
      ISBN = {978-0-8218-4264-5},
   MRCLASS = {35Q53 (35B41 37L10 37L30)},
  MRNUMBER = {2499464},
MRREVIEWER = {Woodford W. Zachary},
       DOI = {10.1090/memo/0925},
       URL = {http://dx.doi.org/10.1090/memo/0925},
}
