%Krupa_Szmoy
@article {KrupaSz,
       AUTHOR = {Krupa, M. and Szmolyan, P.},
     TITLE = {Extending geometric singular perturbation theory to
              nonhyperbolic points---fold and canard points in two
              dimensions},
   JOURNAL = {SIAM J. Math. Anal.},
  FJOURNAL = {SIAM Journal on Mathematical Analysis},
    VOLUME = {33},
      YEAR = {2001},
    NUMBER = {2},
     PAGES = {286--314},
      ISSN = {0036-1410},
   MRCLASS = {34E15 (34C05 34C26 34E20 37C10)},
  MRNUMBER = {1857972},
MRREVIEWER = {Robert Roussarie},
       DOI = {10.1137/S0036141099360919},
       URL = {https://doi.org/10.1137/S0036141099360919},
}


%Faye pulse synaptic depression
@article {faye2013existence,
    AUTHOR = {Faye, Gr\'egory},
     TITLE = {Existence and stability of traveling pulses in a neural field
              equation with synaptic depression},
   JOURNAL = {SIAM J. Appl. Dyn. Syst.},
  FJOURNAL = {SIAM Journal on Applied Dynamical Systems},
    VOLUME = {12},
      YEAR = {2013},
    NUMBER = {4},
     PAGES = {2032--2067},
      ISSN = {1536-0040},
   MRCLASS = {35F35 (35A01 35B35 35C07 35R09 35R10 92B20)},
  MRNUMBER = {3143822},
       DOI = {10.1137/130913092},
       URL = {http://dx.doi.org/10.1137/130913092},
}

%Nonlocal_FHN
@article {faye2015existence,
    AUTHOR = {Faye, Gr\'egory and Scheel, Arnd},
     TITLE = {Existence of pulses in excitable media with nonlocal coupling},
   JOURNAL = {Adv. Math.},
  FJOURNAL = {Advances in Mathematics},
    VOLUME = {270},
      YEAR = {2015},
     PAGES = {400--456},
      ISSN = {0001-8708},
   MRCLASS = {92C20 (34C37 35C07 35M30)},
  MRNUMBER = {3286540},
MRREVIEWER = {Simona Mancini},
       DOI = {10.1016/j.aim.2014.11.005},
       URL = {http://dx.doi.org/10.1016/j.aim.2014.11.005},
}




%Kuehn_book
@book {chris_kuehn_book,
    AUTHOR = {Kuehn, Christian},
     TITLE = {Multiple time scale dynamics},
    SERIES = {Applied Mathematical Sciences},
    VOLUME = {191},
 PUBLISHER = {Springer, Cham},
      YEAR = {2015},
     PAGES = {xiv+814},
      ISBN = {978-3-319-12315-8; 978-3-319-12316-5},
   MRCLASS = {34-02 (34-01 34Exx 37-02 37C10 37Gxx)},
  MRNUMBER = {3309627},
MRREVIEWER = {Tewfik Sari},
       DOI = {10.1007/978-3-319-12316-5},
       URL = {https://doi.org/10.1007/978-3-319-12316-5},
}


%Chow Hale methods bif text
@book {chowhale,
    AUTHOR = {Chow, Shui Nee and Hale, Jack K.},
     TITLE = {Methods of bifurcation theory},
    SERIES = {Grundlehren der Mathematischen Wissenschaften [Fundamental
              Principles of Mathematical Science]},
    VOLUME = {251},
 PUBLISHER = {Springer-Verlag, New York-Berlin},
      YEAR = {1982},
     PAGES = {xv+515},
      ISBN = {0-387-90664-9},
   MRCLASS = {58E07 (34-02 58-02 58F14)},
  MRNUMBER = {660633},
MRREVIEWER = {Norman Dancer},
}


%ref superposition op
@book {runst1996sobolev,
    AUTHOR = {Runst, Thomas and Sickel, Winfried},
     TITLE = {Sobolev spaces of fractional order, {N}emytskij operators, and
              nonlinear partial differential equations},
    SERIES = {De Gruyter Series in Nonlinear Analysis and Applications},
    VOLUME = {3},
 PUBLISHER = {Walter de Gruyter \& Co., Berlin},
      YEAR = {1996},
     PAGES = {x+547},
      ISBN = {3-11-015113-8},
   MRCLASS = {47H30 (35J65 46E35 46F10 47N20)},
  MRNUMBER = {1419319},
MRREVIEWER = {P. Szeptycki},
       DOI = {10.1515/9783110812411},
       URL = {http://dx.doi.org/10.1515/9783110812411},
}

%ODE text 
@book {chicone2006ordinary,
    AUTHOR = {Chicone, Carmen},
     TITLE = {Ordinary differential equations with applications},
    SERIES = {Texts in Applied Mathematics},
    VOLUME = {34},
   EDITION = {Second},
 PUBLISHER = {Springer, New York},
      YEAR = {2006},
     PAGES = {xx+636},
      ISBN = {978-0387-30769-5; 0-387-30769-9},
   MRCLASS = {34-01 (37-01)},
  MRNUMBER = {2224508},
}




%Fenichel theory
@article {Jones_GSPT,
    AUTHOR = {Jones, Christopher K. R. T.},
     TITLE = {Geometric singular perturbation theory},
 BOOKTITLE = {Dynamical systems ({M}ontecatini {T}erme, 1994)},
    SERIES = {Lecture Notes in Math.},
    VOLUME = {1609},
     PAGES = {44--118},
 PUBLISHER = {Springer, Berlin},
      YEAR = {1995},
   MRCLASS = {34E15 (35B25 35Q99)},
  MRNUMBER = {1374108},
MRREVIEWER = {Daniel \v{S}ev\v{c}ovi\v{c}},
       DOI = {10.1007/BFb0095239},
       URL = {https://doi.org/10.1007/BFb0095239},
}


@article {Jones_tracking,
    AUTHOR = {Jones, C. K. R. T. and Kaper, Tasso J. and Kopell, Nancy},
     TITLE = {Tracking invariant manifolds up to exponentially small errors},
   JOURNAL = {SIAM J. Math. Anal.},
  FJOURNAL = {SIAM Journal on Mathematical Analysis},
    VOLUME = {27},
      YEAR = {1996},
    NUMBER = {2},
     PAGES = {558--577},
      ISSN = {0036-1410},
   MRCLASS = {58F30 (34C37 34E15 58F15 70K50)},
  MRNUMBER = {1377489},
MRREVIEWER = {Mikl\'{o}s Farkas},
       DOI = {10.1137/S003614109325966X},
       URL = {https://doi.org/10.1137/S003614109325966X},
}

@article {Bru_tracking,
    AUTHOR = {Brunovsk\'{y}, P.},
     TITLE = {Tracking invariant manifolds without differential forms},
   JOURNAL = {Acta Math. Univ. Comenian. (N.S.)},
  FJOURNAL = {Acta Mathematica Universitatis Comenianae. New Series},
    VOLUME = {65},
      YEAR = {1996},
    NUMBER = {1},
     PAGES = {23--32},
      ISSN = {0862-9544},
   MRCLASS = {34E15 (34C30 34C35 58F30)},
  MRNUMBER = {1422292},
MRREVIEWER = {H. C. Howard},
}



@incollection {Jones_exchange_lemma,
    AUTHOR = {Kaper, Tasso J. and Jones, Christopher K. R. T.},
     TITLE = {A primer on the exchange lemma for fast-slow systems},
 BOOKTITLE = {Multiple-time-scale dynamical systems ({M}inneapolis, {MN},
              1997)},
    SERIES = {IMA Vol. Math. Appl.},
    VOLUME = {122},
     PAGES = {65--87},
 PUBLISHER = {Springer, New York},
      YEAR = {2001},
   MRCLASS = {37C29 (34C20 34C37 34E15 35F20 37G05 37J45)},
  MRNUMBER = {1846573},
       DOI = {10.1007/978-1-4613-0117-2_3},
       URL = {https://doi.org/10.1007/978-1-4613-0117-2_3},
}

